%% This BibTeX bibliography file was created using BibDesk.
%% https://bibdesk.sourceforge.io/

%% Created for Ayoub Belhadji at 2018-11-19 15:53:41 +0100 


%% Saved with string encoding Unicode (UTF-8) 

@article{Bac17,
  title={On the equivalence between kernel quadrature rules and random feature expansions},
  author={Bach, F.},
  journal={The Journal of Machine Learning Research},
  volume={18},
  number={1},
  pages={714--751},
  year={2017},
  publisher={JMLR. org}
}



@article{Lac17,
	Author = {Lachaume, X.},
	Date-Added = {2018-11-19 14:52:21 +0000},
	Date-Modified = {2018-11-19 14:53:36 +0000},
	Journal = {arXiv preprint arXiv:1712.10327},
	Title = {On the concavity of a sum of elementary symmetric polynomials},
	Year = {2017},
	Bdsk-File-1 = {YnBsaXN0MDDUAQIDBAUGJCVYJHZlcnNpb25YJG9iamVjdHNZJGFyY2hpdmVyVCR0b3ASAAGGoKgHCBMUFRYaIVUkbnVsbNMJCgsMDxJXTlMua2V5c1pOUy5vYmplY3RzViRjbGFzc6INDoACgAOiEBGABIAFgAdccmVsYXRpdmVQYXRoWWFsaWFzRGF0YV8QMy4uL0JpYmxpb2dyYXBoeS9MYWMxN19jb25jYXZpdHlfc3VtX3BvbHlub21pYWxzLnBkZtIXCxgZV05TLmRhdGFPEQG6AAAAAAG6AAIAAAxNYWNpbnRvc2ggSEQAAAAAAAAAAAAAAAAAAAAAAAAAQkQAAf////8fTGFjMTdfY29uY2F2aXR5X3N1I0ZGRkZGRkZGLnBkZgAAAAAAAAAAAAAAAAAAAAAAAAAAAAAAAAAAAAAAAAAA/////wAAAAAAAAAAAAAAAAABAAIAAAogY3UAAAAAAAAAAAAAAAAADEJpYmxpb2dyYXBoeQACAEkvOlVzZXJzOmFiZWxoYWRqOkRlc2t0b3A6QmlibGlvZ3JhcGh5OkxhYzE3X2NvbmNhdml0eV9zdW1fcG9seW5vbWlhbHMucGRmAAAOAEgAIwBMAGEAYwAxADcAXwBjAG8AbgBjAGEAdgBpAHQAeQBfAHMAdQBtAF8AcABvAGwAeQBuAG8AbQBpAGEAbABzAC4AcABkAGYADwAaAAwATQBhAGMAaQBuAHQAbwBzAGgAIABIAEQAEgBHVXNlcnMvYWJlbGhhZGovRGVza3RvcC9CaWJsaW9ncmFwaHkvTGFjMTdfY29uY2F2aXR5X3N1bV9wb2x5bm9taWFscy5wZGYAABMAAS8AABUAAgAP//8AAIAG0hscHR5aJGNsYXNzbmFtZVgkY2xhc3Nlc11OU011dGFibGVEYXRhox0fIFZOU0RhdGFYTlNPYmplY3TSGxwiI1xOU0RpY3Rpb25hcnmiIiBfEA9OU0tleWVkQXJjaGl2ZXLRJidUcm9vdIABAAgAEQAaACMALQAyADcAQABGAE0AVQBgAGcAagBsAG4AcQBzAHUAdwCEAI4AxADJANECjwKRApYCoQKqArgCvALDAswC0QLeAuEC8wL2AvsAAAAAAAACAQAAAAAAAAAoAAAAAAAAAAAAAAAAAAAC/Q==}}

@article{AvBo13,
	Author = {Avron, H. and Boutsidis, C.},
	Journal = {SIAM Journal on Matrix Analysis and Applications},
	Number = {4},
	Pages = {1464--1499},
	Publisher = {SIAM},
	Title = {Faster subset selection for matrices and applications},
	Volume = {34},
	Year = {2013}}

@article{BoHe03,
	Author = {Boman, E. G. and Hendrickson, B.},
	Journal = {SIAM Journal on Matrix Analysis and Applications},
	Number = {3},
	Pages = {694--717},
	Publisher = {SIAM},
	Title = {Support theory for preconditioning},
	Volume = {25},
	Year = {2003}}

@article{SpWo09,
	Author = {Spielman, D. A. and Woo, J.},
	Journal = {arXiv preprint arXiv:0903.2816},
	Title = {A note on preconditioning by low-stretch spanning trees},
	Year = {2009}}

@mastersthesis{Zo09,
	Author = {Anastasios Zouzias},
	Date-Added = {2018-11-12 10:41:52 +0000},
	Date-Modified = {2018-11-12 10:42:34 +0000},
	Title = {Euclidean Embeddings that Preserve Volumes},
	Bdsk-File-1 = {YnBsaXN0MDDUAQIDBAUGJCVYJHZlcnNpb25YJG9iamVjdHNZJGFyY2hpdmVyVCR0b3ASAAGGoKgHCBMUFRYaIVUkbnVsbNMJCgsMDxJXTlMua2V5c1pOUy5vYmplY3RzViRjbGFzc6INDoACgAOiEBGABIAFgAdccmVsYXRpdmVQYXRoWWFsaWFzRGF0YV8QJi4uL0JpYmxpb2dyYXBoeS9tc2MtdGhlc2lzLXpvdXppYXMucGRm0hcLGBlXTlMuZGF0YU8RAYQAAAAAAYQAAgAADE1hY2ludG9zaCBIRAAAAAAAAAAAAAAAAAAAAAAAAABCRAAB/////xZtc2MtdGhlc2lzLXpvdXppYXMucGRmAAAAAAAAAAAAAAAAAAAAAAAAAAAAAAAAAAAAAAAAAAAAAAAAAAAAAAD/////AAAAAAAAAAAAAAAAAAEAAgAACiBjdQAAAAAAAAAAAAAAAAAMQmlibGlvZ3JhcGh5AAIAPC86VXNlcnM6YWJlbGhhZGo6RGVza3RvcDpCaWJsaW9ncmFwaHk6bXNjLXRoZXNpcy16b3V6aWFzLnBkZgAOAC4AFgBtAHMAYwAtAHQAaABlAHMAaQBzAC0AegBvAHUAegBpAGEAcwAuAHAAZABmAA8AGgAMAE0AYQBjAGkAbgB0AG8AcwBoACAASABEABIAOlVzZXJzL2FiZWxoYWRqL0Rlc2t0b3AvQmlibGlvZ3JhcGh5L21zYy10aGVzaXMtem91emlhcy5wZGYAEwABLwAAFQACAA///wAAgAbSGxwdHlokY2xhc3NuYW1lWCRjbGFzc2VzXU5TTXV0YWJsZURhdGGjHR8gVk5TRGF0YVhOU09iamVjdNIbHCIjXE5TRGljdGlvbmFyeaIiIF8QD05TS2V5ZWRBcmNoaXZlctEmJ1Ryb290gAEACAARABoAIwAtADIANwBAAEYATQBVAGAAZwBqAGwAbgBxAHMAdQB3AIQAjgC3ALwAxAJMAk4CUwJeAmcCdQJ5AoACiQKOApsCngKwArMCuAAAAAAAAAIBAAAAAAAAACgAAAAAAAAAAAAAAAAAAAK6}}

@article{AlKaPeWe95,
	Author = {Alon, N. and Karp, R. M. and Peleg, D. and West, D.},
	Date-Added = {2018-11-12 10:30:21 +0000},
	Date-Modified = {2018-11-12 10:33:14 +0000},
	Journal = {SIAM Journal on Computing},
	Number = {1},
	Pages = {78--100},
	Title = {A graph-theoretic game and its application to the k-server problem},
	Volume = {24},
	Year = {1995},
	Bdsk-File-1 = {YnBsaXN0MDDUAQIDBAUGJCVYJHZlcnNpb25YJG9iamVjdHNZJGFyY2hpdmVyVCR0b3ASAAGGoKgHCBMUFRYaIVUkbnVsbNMJCgsMDxJXTlMua2V5c1pOUy5vYmplY3RzViRjbGFzc6INDoACgAOiEBGABIAFgAdccmVsYXRpdmVQYXRoWWFsaWFzRGF0YV8QIi4uL0JpYmxpb2dyYXBoeS9BbG9uS2FycFBlV2U5MS5wZGbSFwsYGVdOUy5kYXRhTxEBdAAAAAABdAACAAAMTWFjaW50b3NoIEhEAAAAAAAAAAAAAAAAAAAAAAAAAEJEAAH/////EkFsb25LYXJwUGVXZTkxLnBkZgAAAAAAAAAAAAAAAAAAAAAAAAAAAAAAAAAAAAAAAAAAAAAAAAAAAAAAAAAAAP////8AAAAAAAAAAAAAAAAAAQACAAAKIGN1AAAAAAAAAAAAAAAAAAxCaWJsaW9ncmFwaHkAAgA4LzpVc2VyczphYmVsaGFkajpEZXNrdG9wOkJpYmxpb2dyYXBoeTpBbG9uS2FycFBlV2U5MS5wZGYADgAmABIAQQBsAG8AbgBLAGEAcgBwAFAAZQBXAGUAOQAxAC4AcABkAGYADwAaAAwATQBhAGMAaQBuAHQAbwBzAGgAIABIAEQAEgA2VXNlcnMvYWJlbGhhZGovRGVza3RvcC9CaWJsaW9ncmFwaHkvQWxvbkthcnBQZVdlOTEucGRmABMAAS8AABUAAgAP//8AAIAG0hscHR5aJGNsYXNzbmFtZVgkY2xhc3Nlc11OU011dGFibGVEYXRhox0fIFZOU0RhdGFYTlNPYmplY3TSGxwiI1xOU0RpY3Rpb25hcnmiIiBfEA9OU0tleWVkQXJjaGl2ZXLRJidUcm9vdIABAAgAEQAaACMALQAyADcAQABGAE0AVQBgAGcAagBsAG4AcQBzAHUAdwCEAI4AswC4AMACOAI6Aj8CSgJTAmECZQJsAnUCegKHAooCnAKfAqQAAAAAAAACAQAAAAAAAAAoAAAAAAAAAAAAAAAAAAACpg==}}

@article{Pea01,
	Author = {Pearson, K.},
	Issue = {6},
	Journal = {Philosophical Magazine},
	Pages = {559-572},
	Title = {On Lines and Planes of Closest Fit to Systems of Points in Space},
	Volume = {2},
	Year = {1901}}

@article{Hot33,
	Author = {Hotelling, H.},
	Journal = {J. Educ. Psych.},
	Priority = {2},
	Title = {Analysis of a complex of statistical variables into principal components},
	Volume = {24},
	Year = {1933}}

@conference{Elvira_IEEE_ICASSP_2017,
	Author = {C. Elvira and P. Chainais and N. Dobigeon},
	Booktitle = {2017 IEEE International Conference on Acoustics, Speech and Signal Processing (ICASSP)},
	Doi = {10.1109/ICASSP.2017.7952556},
	Keywords = {Bayes methods;Estimation;Manifolds;Monte Carlo methods;Numerical models;Principal component analysis;Probabilistic logic;Bayesian inference;Indian buffet process;dimension reduction;distribution on the Stiefel manifold},
	Month = {March},
	Pages = {2247-2251},
	Title = {Bayesian nonparametric subspace estimation},
	Year = {2017},
	Bdsk-Url-1 = {https://doi.org/10.1109/ICASSP.2017.7952556}}

@article{ECY:ECY19937482204,
	Author = {Jackson, Donald A.},
	Doi = {10.2307/1939574},
	Issn = {1939-9170},
	Journal = {Ecology},
	Number = {8},
	Pages = {2204--2214},
	Publisher = {Ecological Society of America},
	Title = {Stopping Rules in Principal Components Analysis: A Comparison of Heuristical and Statistical Approaches},
	Url = {http://dx.doi.org/10.2307/1939574},
	Volume = {74},
	Year = {1993},
	Bdsk-Url-1 = {http://dx.doi.org/10.2307/1939574}}

@inproceedings{Bishop:1999:BP:340534.340674,
	Acmid = {340674},
	Address = {Cambridge, MA, USA},
	Author = {Bishop, Christopher M.},
	Booktitle = {Proceedings of the 1998 Conference on Advances in Neural Information Processing Systems II},
	Isbn = {0-262-11245-0},
	Numpages = {7},
	Pages = {382--388},
	Publisher = {MIT Press},
	Title = {Bayesian PCA},
	Url = {http://dl.acm.org/citation.cfm?id=340534.340674},
	Year = {1999},
	Bdsk-Url-1 = {http://dl.acm.org/citation.cfm?id=340534.340674}}

@book{Bishop:1995:NNP:525960,
	Address = {New York, NY, USA},
	Author = {Bishop, Christopher M.},
	Isbn = {0198538642},
	Publisher = {Oxford University Press, Inc.},
	Title = {Neural Networks for Pattern Recognition},
	Year = {1995}}

@article{RePEc:spr:psycho:v:47:y:1982:i:1:p:69-76,
	Author = {Rubin, Donald and Thayer, Dorothy},
	Journal = {Psychometrika},
	Keywords = {factor analysis; EM algorithms; maximum likelihood},
	Number = {1},
	Pages = {69-76},
	Title = {EM algorithms for ML factor analysis},
	Url = {http://EconPapers.repec.org/RePEc:spr:psycho:v:47:y:1982:i:1:p:69-76},
	Volume = {47},
	Year = {1982},
	Bdsk-Url-1 = {http://EconPapers.repec.org/RePEc:spr:psycho:v:47:y:1982:i:1:p:69-76}}

@misc{MacKay_probablenetworks,
	Author = {David J.C. MacKay},
	Title = {Probable networks and plausible predictions -- a review of practical Bayesian methods for supervised neural networks}}

@article{MacKay94:alpha_nc,
	Abstracturl = {http://www.inference.phy.cam.ac.uk/mackay/abstracts/alpha.html},
	Annote = {Date submitted: 1994/1996/1997; Date accepted: October 1998; Collaborating institutes: none},
	Author = {D. J. C. MacKay},
	Journal = {Neural Computation},
	Key = {MacKay},
	Number = {5},
	Pages = {1035-1068},
	Postscripturl = {http://www.inference.phy.cam.ac.uk/mackay/alpha.ps.Z},
	Title = {Comparison of Approximate Methods for Handling Hyperparameters},
	Volume = {11},
	Year = {1999}}

@article{Tipping:1999:MPP:309394.309427,
	Acmid = {309427},
	Address = {Cambridge, MA, USA},
	Author = {Tipping, Michael E. and Bishop, Christopher M.},
	Doi = {10.1162/089976699300016728},
	Issn = {0899-7667},
	Issue_Date = {Feb. 15, 1999},
	Journal = {Neural Comput.},
	Month = feb,
	Number = {2},
	Numpages = {40},
	Pages = {443--482},
	Publisher = {MIT Press},
	Title = {Mixtures of Probabilistic Principal Component Analyzers},
	Url = {http://dx.doi.org/10.1162/089976699300016728},
	Volume = {11},
	Year = {1999},
	Bdsk-Url-1 = {http://dx.doi.org/10.1162/089976699300016728}}

@article{probabilistic-principal-component-analysis,
	Abstract = {

Principal component analysis (PCA) is a ubiquitous technique for data analysis and processing, but one which is not based upon a probability model. In this paper we demonstrate how the principal axes of a set of observed data vectors may be determined through maximum-likelihood estimation of parameters in a latent variable model closely related to factor analysis. We consider the properties of the associated likelihood function, giving an EM algorithm for estimating the principal subspace iteratively, and discuss, with illustrative examples, the advantages conveyed by this probabilistic approach to PCA.


},
	Author = {Tipping, M. E. and Bishop, Christopher},
	Journal = {Journal of the Royal Statistical Society, Series B},
	Month = {January},
	Pages = {611--622},
	Title = {Probabilistic Principal Component Analysis},
	Url = {https://www.microsoft.com/en-us/research/publication/probabilistic-principal-component-analysis/},
	Volume = {21/3},
	Year = {1999},
	Bdsk-Url-1 = {https://www.microsoft.com/en-us/research/publication/probabilistic-principal-component-analysis/}}

@book{adams2001hitchhiker,
	Author = {Adams, D.},
	Isbn = {9781417642595},
	Publisher = {San Val},
	Title = {The Hitchhiker's Guide to the Galaxy},
	Url = {http://books.google.com/books?id=W-xMPgAACAAJ},
	Year = {1995},
	Bdsk-Url-1 = {http://books.google.com/books?id=W-xMPgAACAAJ}}

@book{hastie01statisticallearning,
	Added-At = {2008-05-16T16:17:42.000+0200},
	Address = {New York, NY, USA},
	Author = {Hastie, Trevor and Tibshirani, Robert and Friedman, Jerome},
	Biburl = {https://www.bibsonomy.org/bibtex/2f58afc5c9793fcc8ad8389824e57984c/sb3000},
	Interhash = {d585aea274f2b9b228fc1629bc273644},
	Intrahash = {f58afc5c9793fcc8ad8389824e57984c},
	Keywords = {ml statistics},
	Publisher = {Springer New York Inc.},
	Series = {Springer Series in Statistics},
	Timestamp = {2008-05-16T16:17:43.000+0200},
	Title = {The Elements of Statistical Learning},
	Year = 2001}

@book{Bishop:2006:PRM:1162264,
	Address = {Secaucus, NJ, USA},
	Author = {Bishop, Christopher M.},
	Isbn = {0387310738},
	Publisher = {Springer-Verlag New York, Inc.},
	Title = {Pattern Recognition and Machine Learning (Information Science and Statistics)},
	Year = {2006}}

@inproceedings{Minka:2000:ACD:3008751.3008835,
	Acmid = {3008835},
	Address = {Cambridge, MA, USA},
	Author = {Minka, Thomas P.},
	Booktitle = {Proceedings of the 13th International Conference on Neural Information Processing Systems},
	Location = {Denver, CO},
	Numpages = {7},
	Pages = {577--583},
	Publisher = {MIT Press},
	Series = {NIPS'00},
	Title = {Automatic Choice of Dimensionality for PCA},
	Url = {http://dl.acm.org/citation.cfm?id=3008751.3008835},
	Year = {2000},
	Bdsk-Url-1 = {http://dl.acm.org/citation.cfm?id=3008751.3008835}}

@article{MacKay:1992:BI:148147.148163,
	Acmid = {148163},
	Address = {Cambridge, MA, USA},
	Author = {MacKay, David J. C.},
	Doi = {10.1162/neco.1992.4.3.415},
	Issn = {0899-7667},
	Issue_Date = {May 1992},
	Journal = {Neural Comput.},
	Month = may,
	Number = {3},
	Numpages = {33},
	Pages = {415--447},
	Publisher = {MIT Press},
	Title = {Bayesian Interpolation},
	Url = {http://dx.doi.org/10.1162/neco.1992.4.3.415},
	Volume = {4},
	Year = {1992},
	Bdsk-Url-1 = {http://dx.doi.org/10.1162/neco.1992.4.3.415}}

@inproceedings{Archambeau:2006:RPP:1143844.1143849,
	Acmid = {1143849},
	Address = {New York, NY, USA},
	Author = {Archambeau, C{\'e}dric and Delannay, Nicolas and Verleysen, Michel},
	Booktitle = {Proceedings of the 23rd International Conference on Machine Learning},
	Doi = {10.1145/1143844.1143849},
	Isbn = {1-59593-383-2},
	Location = {Pittsburgh, Pennsylvania, USA},
	Numpages = {8},
	Pages = {33--40},
	Publisher = {ACM},
	Series = {ICML '06},
	Title = {Robust Probabilistic Projections},
	Url = {http://doi.acm.org/10.1145/1143844.1143849},
	Year = {2006},
	Bdsk-Url-1 = {http://doi.acm.org/10.1145/1143844.1143849},
	Bdsk-Url-2 = {https://doi.org/10.1145/1143844.1143849}}

@inproceedings{variational-principal-components,
	Abstract = {One of the central issues in the use of principal component analysis (PCA) for data modelling is that of choosing the appropriate number of retained components. This problem was recently addressed through the formulation of a Bayesian treatment of PCA (Bishop, 1998) in terms of a probabilistic latent variable model. A central feature of this approach is that the effective dimensionality of the latent space (equivalent to the number of retained principal components) is determined automatically as part of the Bayesian inference procedure. In common with most non-trivial Bayesian models, however, the required marginalizations are analytically intractable, and so an approximation scheme based on a local Gaussian representation of the posterior distribution was employed. In this paper we develop an alternative, variational formulation of Bayesian PCA, based on a factorial representation of the posterior distribution. This approach is computationally efficient, and unlike other approximation schemes, it maximizes a rigourous lower bound on the marginal log probability of the observed data.
},
	Author = {Bishop, Christopher},
	Booktitle = {Proceedings Ninth International Conference on Artificial Neural Networks, ICANN'99},
	Month = {January},
	Pages = {509--514},
	Publisher = {IEE},
	Title = {Variational Principal Components},
	Url = {https://www.microsoft.com/en-us/research/publication/variational-principal-components/},
	Volume = {1},
	Year = {1999},
	Bdsk-Url-1 = {https://www.microsoft.com/en-us/research/publication/variational-principal-components/}}

@article{BENISRAEL199287,
	Author = {Adi Ben-Israel},
	Doi = {http://dx.doi.org/10.1016/0024-3795(92)90340-G},
	Issn = {0024-3795},
	Journal = {Linear Algebra and its Applications},
	Pages = {87 - 111},
	Title = {A volume associated with m x n matrices},
	Url = {http://www.sciencedirect.com/science/article/pii/002437959290340G},
	Volume = {167},
	Year = {1992},
	Bdsk-Url-1 = {http://www.sciencedirect.com/science/article/pii/002437959290340G},
	Bdsk-Url-2 = {http://dx.doi.org/10.1016/0024-3795(92)90340-G}}

@article{CIVRIL20094801,
	Author = {Ali {\c C}ivril and Malik Magdon-Ismail},
	Doi = {http://dx.doi.org/10.1016/j.tcs.2009.06.018},
	Issn = {0304-3975},
	Journal = {Theoretical Computer Science},
	Keywords = {Approximation},
	Number = {47},
	Pages = {4801 - 4811},
	Title = {On selecting a maximum volume sub-matrix of a matrix and related problems},
	Url = {http://www.sciencedirect.com/science/article/pii/S0304397509004101},
	Volume = {410},
	Year = {2009},
	Bdsk-Url-1 = {http://www.sciencedirect.com/science/article/pii/S0304397509004101},
	Bdsk-Url-2 = {http://dx.doi.org/10.1016/j.tcs.2009.06.018}}

@article{MIAO199281,
	Author = {Jianming Miao and Adi Ben-Israel},
	Doi = {http://dx.doi.org/10.1016/0024-3795(92)90251-5},
	Issn = {0024-3795},
	Journal = {Linear Algebra and its Applications},
	Pages = {81 - 98},
	Title = {On principal angles between subspaces in Rn},
	Url = {http://www.sciencedirect.com/science/article/pii/0024379592902515},
	Volume = {171},
	Year = {1992},
	Bdsk-Url-1 = {http://www.sciencedirect.com/science/article/pii/0024379592902515},
	Bdsk-Url-2 = {http://dx.doi.org/10.1016/0024-3795(92)90251-5}}

@article{TCS-025,
	Author = {Ravindran Kannan and Santosh Vempala},
	Doi = {10.1561/0400000025},
	Issn = {1551-305X},
	Journal = {Foundations and Trends{\textregistered} in Theoretical Computer Science},
	Number = {3--4},
	Pages = {157-288},
	Title = {Spectral Algorithms},
	Url = {http://dx.doi.org/10.1561/0400000025},
	Volume = {4},
	Year = {2009},
	Bdsk-Url-1 = {http://dx.doi.org/10.1561/0400000025}}

@inbook{MacKay1996,
	Address = {Dordrecht},
	Author = {MacKay, David J. C.},
	Booktitle = {Maximum Entropy and Bayesian Methods: Santa Barbara, California, U.S.A., 1993},
	Doi = {10.1007/978-94-015-8729-7_2},
	Editor = {Heidbreder, Glenn R.},
	Isbn = {978-94-015-8729-7},
	Pages = {43--59},
	Publisher = {Springer Netherlands},
	Title = {Hyperparameters: Optimize, or Integrate Out?},
	Url = {http://dx.doi.org/10.1007/978-94-015-8729-7_2},
	Year = {1996},
	Bdsk-Url-1 = {http://dx.doi.org/10.1007/978-94-015-8729-7_2}}

@article{DBLP:journals/corr/abs-0812-4293,
	Author = {Boutsidis, C. and Mahoney, M. W. and Drineas, P.},
	Bibsource = {dblp computer science bibliography, http://dblp.org},
	Biburl = {http://dblp.uni-trier.de/rec/bib/journals/corr/abs-0812-4293},
	Journal = {CoRR},
	Timestamp = {Wed, 10 Oct 2012 21:28:29 +0200},
	Title = {An Improved Approximation Algorithm for the Column Subset Selection Problem},
	Url = {http://arxiv.org/abs/0812.4293},
	Volume = {abs/0812.4293},
	Year = {2008},
	Bdsk-Url-1 = {http://arxiv.org/abs/0812.4293}}

@article{Golub1965,
	Abstract = {A common problem in a Computer Laboratory is that of finding linear least squares solutions. These problems arise in a variety of areas and in a variety of contexts. Linear least squares problems are particularly difficult to solve because they frequently involve large quantities of data, and they are ill-conditioned by their very nature. In this paper, we shall consider stable numerical methods for handling these problems. Our basic tool is a matrix decomposition based on orthogonal Householder transformations.},
	Author = {Golub, G.},
	Doi = {10.1007/BF01436075},
	Issn = {0945-3245},
	Journal = {Numerische Mathematik},
	Number = {3},
	Pages = {206--216},
	Title = {Numerical methods for solving linear least squares problems},
	Url = {http://dx.doi.org/10.1007/BF01436075},
	Volume = {7},
	Year = {1965},
	Bdsk-Url-1 = {http://dx.doi.org/10.1007/BF01436075}}

@book{GoVa96,
	Address = {Baltimore, MD, USA},
	Author = {Golub, G. H. and Van Loan, C. F.},
	Isbn = {0-8018-5414-8},
	Publisher = {Johns Hopkins University Press},
	Title = {Matrix Computations (3rd Ed.)},
	Year = {1996}}

@inproceedings{DRVW06,
	Acmid = {1109681},
	Address = {Philadelphia, PA, USA},
	Author = {Deshpande, A. and Rademacher, L. and Vempala, S. and Wang, G.},
	Booktitle = {Proceedings of the Seventeenth Annual ACM-SIAM Symposium on Discrete Algorithm},
	Isbn = {0-89871-605-5},
	Location = {Miami, Florida},
	Numpages = {10},
	Pages = {1117--1126},
	Publisher = {Society for Industrial and Applied Mathematics},
	Series = {SODA '06},
	Title = {Matrix Approximation and Projective Clustering via Volume Sampling},
	Url = {http://dl.acm.org/citation.cfm?id=1109557.1109681},
	Year = {2006},
	Bdsk-Url-1 = {http://dl.acm.org/citation.cfm?id=1109557.1109681}}

@article{doi:10.1080/03081088908817936,
	Author = {Marvin Marcus},
	Doi = {10.1080/03081088908817936},
	Eprint = {http://dx.doi.org/10.1080/03081088908817936},
	Journal = {Linear and Multilinear Algebra},
	Number = {2},
	Pages = {137-147},
	Title = {A unified exposition of some classical matrix theorems},
	Url = {http://dx.doi.org/10.1080/03081088908817936},
	Volume = {25},
	Year = {1989},
	Bdsk-Url-1 = {http://dx.doi.org/10.1080/03081088908817936}}

@inproceedings{Cohen:2015:USM:2688073.2688113,
	Acmid = {2688113},
	Address = {New York, NY, USA},
	Author = {Cohen, Michael B. and Lee, Yin Tat and Musco, Cameron and Musco, Christopher and Peng, Richard and Sidford, Aaron},
	Booktitle = {Proceedings of the 2015 Conference on Innovations in Theoretical Computer Science},
	Doi = {10.1145/2688073.2688113},
	Isbn = {978-1-4503-3333-7},
	Keywords = {leverage scores, matrix sampling, randomized numerical linear algebra, regression},
	Location = {Rehovot, Israel},
	Numpages = {10},
	Pages = {181--190},
	Publisher = {ACM},
	Series = {ITCS '15},
	Title = {Uniform Sampling for Matrix Approximation},
	Url = {http://doi.acm.org/10.1145/2688073.2688113},
	Year = {2015},
	Bdsk-Url-1 = {http://doi.acm.org/10.1145/2688073.2688113},
	Bdsk-Url-2 = {https://doi.org/10.1145/2688073.2688113}}

@article{2009arXiv0910.0651R,
	Adsnote = {Provided by the SAO/NASA Astrophysics Data System},
	Adsurl = {http://adsabs.harvard.edu/abs/2009arXiv0910.0651R},
	Archiveprefix = {arXiv},
	Author = {{Recht}, B.},
	Eprint = {0910.0651},
	Journal = {ArXiv e-prints},
	Keywords = {Computer Science - Information Theory, Computer Science - Numerical Analysis, Mathematics - Optimization and Control},
	Month = oct,
	Primaryclass = {cs.IT},
	Title = {{A Simpler Approach to Matrix Completion}},
	Year = 2009}

@article{DBLP:journals/corr/abs-0805-4471,
	Author = {Emmanuel J. Cand{\`{e}}s and Benjamin Recht},
	Bibsource = {dblp computer science bibliography, http://dblp.org},
	Biburl = {http://dblp.uni-trier.de/rec/bib/journals/corr/abs-0805-4471},
	Journal = {CoRR},
	Timestamp = {Wed, 07 Jun 2017 14:40:21 +0200},
	Title = {Exact Matrix Completion via Convex Optimization},
	Url = {http://arxiv.org/abs/0805.4471},
	Volume = {abs/0805.4471},
	Year = {2008},
	Bdsk-Url-1 = {http://arxiv.org/abs/0805.4471}}

@article{DBLP:journals/corr/abs-0708-3696,
	Author = {Petros Drineas and Michael W. Mahoney and S. Muthukrishnan},
	Bibsource = {dblp computer science bibliography, http://dblp.org},
	Biburl = {http://dblp.uni-trier.de/rec/bib/journals/corr/abs-0708-3696},
	Journal = {CoRR},
	Timestamp = {Wed, 07 Jun 2017 14:40:11 +0200},
	Title = {Relative-Error {CUR} Matrix Decompositions},
	Url = {http://arxiv.org/abs/0708.3696},
	Volume = {abs/0708.3696},
	Year = {2007},
	Bdsk-Url-1 = {http://arxiv.org/abs/0708.3696}}

@article{2012arXiv1203.4809I,
	Adsnote = {Provided by the SAO/NASA Astrophysics Data System},
	Adsurl = {http://adsabs.harvard.edu/abs/2012arXiv1203.4809I},
	Archiveprefix = {arXiv},
	Author = {{Ipsen}, I.~C.~F. and {Wentworth}, T.},
	Eprint = {1203.4809},
	Journal = {ArXiv e-prints},
	Keywords = {Mathematics - Numerical Analysis},
	Month = mar,
	Primaryclass = {math.NA},
	Title = {{The Effect of Coherence on Sampling from Matrices with Orthonormal Columns, and Preconditioned Least Squares Problems}},
	Year = 2012}

@article{2013arXiv1310.1502H,
	Adsnote = {Provided by the SAO/NASA Astrophysics Data System},
	Adsurl = {http://adsabs.harvard.edu/abs/2013arXiv1310.1502H},
	Archiveprefix = {arXiv},
	Author = {{Holodnak}, J.~T. and {Ipsen}, I.~C.~F.},
	Eprint = {1310.1502},
	Journal = {ArXiv e-prints},
	Keywords = {Mathematics - Numerical Analysis, Computer Science - Learning, Statistics - Machine Learning},
	Month = oct,
	Primaryclass = {math.NA},
	Title = {{Randomized Approximation of the Gram Matrix: Exact Computation and Probabilistic Bounds}},
	Year = 2013}

@misc{Drineas99clusteringin,
	Author = {P. Drineas and Alan Frieze and Ravi Kannan and Santosh Vempala and V. Vinay},
	Title = {Clustering in Large Graphs and Matrices},
	Year = {1999}}

@inproceedings{Liberty:2013:SDM:2487575.2487623,
	Acmid = {2487623},
	Address = {New York, NY, USA},
	Author = {Liberty, Edo},
	Booktitle = {Proceedings of the 19th ACM SIGKDD International Conference on Knowledge Discovery and Data Mining},
	Doi = {10.1145/2487575.2487623},
	Isbn = {978-1-4503-2174-7},
	Keywords = {sketching, streaming},
	Location = {Chicago, Illinois, USA},
	Numpages = {8},
	Pages = {581--588},
	Publisher = {ACM},
	Series = {KDD '13},
	Title = {Simple and Deterministic Matrix Sketching},
	Url = {http://doi.acm.org/10.1145/2487575.2487623},
	Year = {2013},
	Bdsk-Url-1 = {http://doi.acm.org/10.1145/2487575.2487623},
	Bdsk-Url-2 = {https://doi.org/10.1145/2487575.2487623}}

@inproceedings{PaKyBo14,
	Acmid = {2623698},
	Address = {New York, NY, USA},
	Author = {Papailiopoulos, D. and Kyrillidis, A. and Boutsidis, C.},
	Booktitle = {Proceedings of the 20th ACM SIGKDD International Conference on Knowledge Discovery and Data Mining},
	Doi = {10.1145/2623330.2623698},
	Isbn = {978-1-4503-2956-9},
	Keywords = {deterministic sampling, leverage scores, low-rank matrix approximation, power law distributions, subset selection},
	Location = {New York, New York, USA},
	Numpages = {10},
	Pages = {997--1006},
	Publisher = {ACM},
	Series = {KDD '14},
	Title = {Provable Deterministic Leverage Score Sampling},
	Url = {http://doi.acm.org/10.1145/2623330.2623698},
	Year = {2014},
	Bdsk-Url-1 = {http://doi.acm.org/10.1145/2623330.2623698},
	Bdsk-Url-2 = {https://doi.org/10.1145/2623330.2623698}}

@inproceedings{45375,
	Author = {Aditya Bhaskara and Afshin Rostamizadeh and Jason Altschuler and Morteza Zadimoghaddam and Thomas Fu and Vahab Mirrokni},
	Booktitle = {ICML},
	Title = {Greedy Column Subset Selection: New Bounds and Distributed Algorithms},
	Year = 2016}

@article{Farahat2015,
	Abstract = {In today's information systems, the availability of massive amounts of data necessitates the development of fast and accurate algorithms to summarize these data and represent them in a succinct format. One crucial problem in big data analytics is the selection of representative instances from large and massively distributed data, which is formally known as the Column Subset Selection problem. The solution to this problem enables data analysts to understand the insights of the data and explore its hidden structure. The selected instances can also be used for data preprocessing tasks such as learning a low-dimensional embedding of the data points or computing a low-rank approximation of the corresponding matrix. This paper presents a fast and accurate greedy algorithm for large-scale column subset selection. The algorithm minimizes an objective function, which measures the reconstruction error of the data matrix based on the subset of selected columns. The paper first presents a centralized greedy algorithm for column subset selection, which depends on a novel recursive formula for calculating the reconstruction error of the data matrix. The paper then presents a MapReduce algorithm, which selects a few representative columns from a matrix whose columns are massively distributed across several commodity machines. The algorithm first learns a concise representation of all columns using random projection, and it then solves a generalized column subset selection problem at each machine in which a subset of columns are selected from the sub-matrix on that machine such that the reconstruction error of the concise representation is minimized. The paper demonstrates the effectiveness and efficiency of the proposed algorithm through an empirical evaluation on benchmark data sets.},
	Author = {Farahat, Ahmed K. and Elgohary, Ahmed and Ghodsi, Ali and Kamel, Mohamed S.},
	Day = {01},
	Doi = {10.1007/s10115-014-0801-8},
	Issn = {0219-3116},
	Journal = {Knowledge and Information Systems},
	Month = {Oct},
	Number = {1},
	Pages = {1--34},
	Title = {Greedy column subset selection for large-scale data sets},
	Url = {https://doi.org/10.1007/s10115-014-0801-8},
	Volume = {45},
	Year = {2015},
	Bdsk-Url-1 = {https://doi.org/10.1007/s10115-014-0801-8}}

@article{math/0503110,
	Author = {J. Ben Hough and Manjunath Krishnapur and Yuval Peres and B{\'a}lint Vir{\'a}g},
	Doi = {10.1214/154957806000000078},
	Eprint = {arXiv:math/0503110},
	Howpublished = {Probability Surveys 2006, Vol. 3, 206-229},
	Title = {Determinantal Processes and Independence},
	Year = {2005},
	Bdsk-Url-1 = {https://doi.org/10.1214/154957806000000078}}

@article{KuTa12,
	Author = {Kulesza, A. and Taskar, B.},
	Doi = {10.1561/2200000044},
	Eprint = {arXiv:1207.6083},
	Howpublished = {Foundations and Trends in Machine Learning: Vol. 5: No 2-3, pp 123-286},
	Title = {Determinantal point processes for machine learning},
	Year = {2012},
	Bdsk-Url-1 = {https://doi.org/10.1561/2200000044}}

@misc{1104.1732,
	Author = {Venkatesan Guruswami and Ali Kemal Sinop},
	Eprint = {arXiv:1104.1732},
	Title = {Optimal Column-Based Low-Rank Matrix Reconstruction},
	Year = {2011}}

@misc{1603.06052,
	Author = {Chengtao Li and Stefanie Jegelka and Suvrit Sra},
	Eprint = {arXiv:1603.06052},
	Title = {Fast DPP Sampling for Nystr{\"o}m with Application to Kernel Methods},
	Year = {2016}}

@article{Mac75,
	Author = {Macchi, O},
	Booktitle = {Advances in Applied Probability},
	Month = {03},
	Pages = {83-122},
	Title = {The coincidence approach to stochastic point processes},
	Volume = {7},
	Year = {1975}}

@article{lecam1960,
	Author = {Le Cam, Lucien},
	Fjournal = {Pacific Journal of Mathematics},
	Journal = {Pacific J. Math.},
	Number = {4},
	Pages = {1181--1197},
	Publisher = {Pacific Journal of Mathematics, A Non-profit Corporation},
	Title = {An approximation theorem for the Poisson binomial distribution.},
	Url = {https://projecteuclid.org:443/euclid.pjm/1103038058},
	Volume = {10},
	Year = {1960},
	Bdsk-Url-1 = {https://projecteuclid.org:443/euclid.pjm/1103038058}}

@article{Joh05,
	Adsnote = {Provided by the SAO/NASA Astrophysics Data System},
	Adsurl = {http://adsabs.harvard.edu/abs/2005math.ph..10038J},
	Author = {Johansson, K.},
	Eprint = {math-ph/0510038},
	Journal = {ArXiv Mathematical Physics e-prints},
	Keywords = {Mathematical Physics, Mathematics - Mathematical Physics, Mathematics - Probability},
	Month = oct,
	Title = {{Random matrices and determinantal processes}},
	Year = 2005}

@article{BaHa16,
	Adsnote = {Provided by the SAO/NASA Astrophysics Data System},
	Adsurl = {http://adsabs.harvard.edu/abs/2016arXiv160500361B},
	Archiveprefix = {arXiv},
	Author = {Bardenet, R. and Hardy, A.},
	Eprint = {1605.00361},
	Journal = {ArXiv e-prints},
	Keywords = {Mathematics - Probability, Mathematics - Classical Analysis and ODEs, Statistics - Computation, Statistics - Methodology},
	Month = may,
	Primaryclass = {math.PR},
	Title = {{Monte Carlo with Determinantal Point Processes}},
	Year = 2016}

@article{Sos00,
	Adsnote = {Provided by the SAO/NASA Astrophysics Data System},
	Adsurl = {http://adsabs.harvard.edu/abs/2000RuMaS..55..923S},
	Author = {Soshnikov, A.},
	Doi = {10.1070/RM2000v055n05ABEH000321},
	Eprint = {math/0002099},
	Journal = {Russian Mathematical Surveys},
	Month = oct,
	Pages = {923-975},
	Title = {{Determinantal random point fields}},
	Volume = 55,
	Year = 2000,
	Bdsk-Url-1 = {https://doi.org/10.1070/RM2000v055n05ABEH000321}}

@article{DeRa10,
	Author = {Deshpande, A. and Rademacher, L.},
	Bibsource = {dblp computer science bibliography, http://dblp.org},
	Biburl = {http://dblp.uni-trier.de/rec/bib/journals/corr/abs-1004-4057},
	Journal = {CoRR},
	Timestamp = {Wed, 07 Jun 2017 14:41:26 +0200},
	Title = {Efficient volume sampling for row/column subset selection},
	Url = {http://arxiv.org/abs/1004.4057},
	Volume = {abs/1004.4057},
	Year = {2010},
	Bdsk-Url-1 = {http://arxiv.org/abs/1004.4057}}

@inproceedings{conf/icml/KuleszaT11,
	Added-At = {2011-12-16T00:00:00.000+0100},
	Author = {Kulesza, Alex and Taskar, Ben},
	Biburl = {https://www.bibsonomy.org/bibtex/2929c84394bb0fcacacff361d5f25a82a/dblp},
	Booktitle = {ICML},
	Crossref = {conf/icml/2011},
	Editor = {Getoor, Lise and Scheffer, Tobias},
	Interhash = {863a8281f4b1bb12ac14dc70c79a0b51},
	Intrahash = {929c84394bb0fcacacff361d5f25a82a},
	Keywords = {dblp},
	Pages = {1193-1200},
	Publisher = {Omnipress},
	Timestamp = {2011-12-17T11:33:27.000+0100},
	Title = {k-DPPs: Fixed-Size Determinantal Point Processes.},
	Url = {http://dblp.uni-trier.de/db/conf/icml/icml2011.html#KuleszaT11},
	Year = 2011,
	Bdsk-Url-1 = {http://dblp.uni-trier.de/db/conf/icml/icml2011.html#KuleszaT11}}

@book{hardy1952inequalities,
	Author = {Hardy, G.H. and Littlewood, J.E. and P{\'o}lya, G.},
	Isbn = {9780521358804},
	Lccn = {52010789},
	Publisher = {Cambridge University Press},
	Series = {Cambridge Mathematical Library},
	Title = {Inequalities},
	Url = {https://books.google.co.ma/books?id=t1RCSP8YKt8C},
	Year = {1952},
	Bdsk-Url-1 = {https://books.google.co.ma/books?id=t1RCSP8YKt8C}}

@book{Steele:2004:CMC:993490,
	Address = {New York, NY, USA},
	Author = {Steele, J. Michael},
	Isbn = {052154677X},
	Publisher = {Cambridge University Press},
	Title = {The Cauchy-Schwarz Master Class: An Introduction to the Art of Mathematical Inequalities},
	Year = {2004}}

@article{samuels1965,
	Author = {Samuels, S. M.},
	Doi = {10.1214/aoms/1177699998},
	Fjournal = {The Annals of Mathematical Statistics},
	Journal = {Ann. Math. Statist.},
	Month = {08},
	Number = {4},
	Pages = {1272--1278},
	Publisher = {The Institute of Mathematical Statistics},
	Title = {On the Number of Successes in Independent Trials},
	Url = {http://dx.doi.org/10.1214/aoms/1177699998},
	Volume = {36},
	Year = {1965},
	Bdsk-Url-1 = {http://dx.doi.org/10.1214/aoms/1177699998}}

@article{gleser1975,
	Author = {Gleser, Leon Jay},
	Doi = {10.1214/aop/1176996461},
	Fjournal = {The Annals of Probability},
	Journal = {Ann. Probab.},
	Month = {02},
	Number = {1},
	Pages = {182--188},
	Publisher = {The Institute of Mathematical Statistics},
	Title = {On the Distribution of the Number of Successes in Independent Trials},
	Url = {http://dx.doi.org/10.1214/aop/1176996461},
	Volume = {3},
	Year = {1975},
	Bdsk-Url-1 = {http://dx.doi.org/10.1214/aop/1176996461}}

@article{CONSTANTINE1983181,
	Author = {Gregory M. Constantine},
	Doi = {http://dx.doi.org/10.1016/0012-365X(83)90034-1},
	Issn = {0012-365X},
	Journal = {Discrete Mathematics},
	Number = {2},
	Pages = {181 - 188},
	Title = {Schur convex functions on the spectra of graphs},
	Url = {http://www.sciencedirect.com/science/article/pii/0012365X83900341},
	Volume = {45},
	Year = {1983},
	Bdsk-Url-1 = {http://www.sciencedirect.com/science/article/pii/0012365X83900341},
	Bdsk-Url-2 = {http://dx.doi.org/10.1016/0012-365X(83)90034-1}}

@book{MaOlAr11,
	Added-At = {2017-02-13T08:27:14.000+0100},
	Author = {Marshall, A. W. and Olkin, I. and Arnold, B. C.},
	Biburl = {https://www.bibsonomy.org/bibtex/208cbb77f534758a6852cdd664fd1712e/ytyoun},
	Doi = {10.1007/978-0-387-68276-1},
	Edition = {Second},
	Interhash = {1a2ba094161783a8a3c544b8fd95929d},
	Intrahash = {08cbb77f534758a6852cdd664fd1712e},
	Keywords = {eigenvalues majorization matrix textbook},
	Publisher = {Springer},
	Timestamp = {2017-02-13T08:29:05.000+0100},
	Title = {Inequalities: Theory of Majorization and its Applications},
	Volume = 143,
	Year = 2011,
	Bdsk-Url-1 = {https://doi.org/10.1007/978-0-387-68276-1}}

@misc{1703.02834,
	Author = {Charles Bouveyron and Pierre Latouche and Pierre-Alexandre Mattei},
	Eprint = {arXiv:1703.02834},
	Title = {Exact Dimensionality Selection for Bayesian PCA},
	Year = {2017}}

@inproceedings{DeVe06,
	Acmid = {2165261},
	Address = {Berlin, Heidelberg},
	Author = {Deshpande, A. and Vempala, S.},
	Booktitle = {Proceedings of the 9th International Conference on Approximation Algorithms for Combinatorial Optimization Problems, and 10th International Conference on Randomization and Computation},
	Doi = {10.1007/11830924_28},
	Isbn = {3-540-38044-2, 978-3-540-38044-3},
	Location = {Barcelona, Spain},
	Numpages = {12},
	Pages = {292--303},
	Publisher = {Springer-Verlag},
	Series = {APPROX'06/RANDOM'06},
	Title = {Adaptive Sampling and Fast Low-rank Matrix Approximation},
	Url = {http://dx.doi.org/10.1007/11830924_28},
	Year = {2006},
	Bdsk-Url-1 = {http://dx.doi.org/10.1007/11830924_28}}

@article{gt-maxvol-2001,
	Author = {Goreinov, S. A. and Tyrtyshnikov, E. E.},
	Journal = {Contemporary Mathematics},
	Pages = {47-51},
	Title = {The maximal-volume concept in approximation by low-rank matrices},
	Volume = {280},
	Year = {2001}}

@article{1205.4818,
	Author = {Fr{\'e}d{\'e}ric Lavancier and Jesper M{\o}ller and Ege Rubak},
	Doi = {10.1111/rssb.12096},
	Eprint = {arXiv:1205.4818},
	Title = {Determinantal point process models and statistical inference : Extended version},
	Year = {2012},
	Bdsk-Url-1 = {https://doi.org/10.1111/rssb.12096}}


@article{HoKrPeVi06,
  title={Determinantal processes and independence},
  author={Hough, J. B. and Krishnapur, M. and Peres, Y. and Vir\'ag, B.},
  journal={Probability surveys},
  volume={3},
  pages={206--229},
  year={2006},
  publisher={The Institute of Mathematical Statistics and the Bernoulli Society}
}




@book{MR1950431,
	Added-At = {2009-12-25T00:19:28.000+0100},
	Address = {New York},
	Author = {Daley, D. J. and Vere-Jones, D.},
	Biburl = {https://www.bibsonomy.org/bibtex/28d46572dc99e6b670c8f5d276a7be056/peter.ralph},
	Description = {An Introduction to the Theory of Point Processes},
	Edition = {Second},
	Interhash = {9e4b984024fa8319c87554d48b286ab4},
	Intrahash = {8d46572dc99e6b670c8f5d276a7be056},
	Isbn = {0-387-95541-0},
	Keywords = {point_processes reference},
	Mrclass = {60-01 (60G10 60G55 60K05 60K35)},
	Mrnumber = {MR1950431 (2004c:60001)},
	Mrreviewer = {Volker Schmidt},
	Note = {Elementary theory and methods},
	Pages = {xxii+469},
	Publisher = {Springer-Verlag},
	Series = {Probability and its Applications (New York)},
	Timestamp = {2009-12-25T00:19:28.000+0100},
	Title = {An introduction to the theory of point processes. {V}ol. {I}},
	Year = 2003}

@misc{1104.1732,
	Author = {Venkatesan Guruswami and Ali Kemal Sinop},
	Eprint = {arXiv:1104.1732},
	Title = {Optimal Column-Based Low-Rank Matrix Reconstruction},
	Year = {2011}}

@inproceedings{bayesian-pca,
	Abstract = {

The technique of principal component analysis (PCA) has recently been expressed as the maximum likelihood solution for a generative latent variable model. In this paper we use this probabilistic reformulation as the basis for a Bayesian treatment of PCA. Our key result is that effective dimensionality of the latent space (equivalent to the number of retained principal components) can be determined automatically as part of the Bayesian inference procedure. An important application of this framework is to mixtures of probabilistic PCA models, in which each component can determine its own effective complexity.


},
	Author = {Bishop, Christopher},
	Booktitle = {Advances in Neural Information Processing Systems},
	Month = {January},
	Pages = {382--388},
	Publisher = {MIT Press},
	Title = {Bayesian PCA},
	Url = {https://www.microsoft.com/en-us/research/publication/bayesian-pca/},
	Volume = {11},
	Year = {1999},
	Bdsk-Url-1 = {https://www.microsoft.com/en-us/research/publication/bayesian-pca/}}

@inproceedings{Roweis98emalgorithms,
	Author = {Sam Roweis},
	Booktitle = {in Advances in Neural Information Processing Systems},
	Pages = {626--632},
	Publisher = {MIT Press},
	Title = {EM Algorithms for PCA and SPCA},
	Year = {1998}}

@inproceedings{BoMaDr09,
	Acmid = {1496875},
	Address = {Philadelphia, PA, USA},
	Author = {Boutsidis, C. and Mahoney, M. W. and Drineas, P.},
	Booktitle = {Proceedings of the Twentieth Annual ACM-SIAM Symposium on Discrete Algorithms},
	Location = {New York, New York},
	Numpages = {10},
	Pages = {968--977},
	Publisher = {Society for Industrial and Applied Mathematics},
	Series = {SODA '09},
	Title = {An Improved Approximation Algorithm for the Column Subset Selection Problem},
	Url = {http://dl.acm.org/citation.cfm?id=1496770.1496875},
	Year = {2009},
	Bdsk-Url-1 = {http://dl.acm.org/citation.cfm?id=1496770.1496875}}

@article{Golu65,
	Acmid = {2716650},
	Address = {Secaucus, NJ, USA},
	Author = {Golub, G.},
	Doi = {10.1007/BF01436075},
	Issn = {0029-599X},
	Issue_Date = {June 1965},
	Journal = {Numer. Math.},
	Month = jun,
	Number = {3},
	Numpages = {11},
	Pages = {206--216},
	Publisher = {Springer-Verlag New York, Inc.},
	Title = {Numerical Methods for Solving Linear Least Squares Problems},
	Url = {http://dx.doi.org/10.1007/BF01436075},
	Volume = {7},
	Year = {1965},
	Bdsk-Url-1 = {http://dx.doi.org/10.1007/BF01436075}}

@inproceedings{BoDrMI11,
	Acmid = {2082967},
	Address = {Washington, DC, USA},
	Author = {Boutsidis, C. and Drineas, P. and Magdon-Ismail, M.},
	Booktitle = {Proceedings of the 2011 IEEE 52Nd Annual Symposium on Foundations of Computer Science},
	Doi = {10.1109/FOCS.2011.21},
	Isbn = {978-0-7695-4571-4},
	Keywords = {low-rank matrix approximation, subset selection, SVD, approximate SVD, spectral sparsification},
	Numpages = {10},
	Pages = {305--314},
	Publisher = {IEEE Computer Society},
	Series = {FOCS '11},
	Title = {Near Optimal Column-Based Matrix Reconstruction},
	Url = {http://dx.doi.org/10.1109/FOCS.2011.21},
	Year = {2011},
	Bdsk-Url-1 = {http://dx.doi.org/10.1109/FOCS.2011.21}}

@misc{DrMaMu07,
	Author = {Drineas, P. and Mahoney, M. W. and Muthukrishnan, S.},
	Eprint = {arXiv:0708.3696},
	Title = {Relative-Error CUR Matrix Decompositions},
	Year = {2007}}

@article{DFKVV04,
	Acmid = {1007762},
	Address = {Hingham, MA, USA},
	Author = {Drineas, P. and Frieze, A. and Kannan, R. and Vempala, S. and Vinay, V.},
	Doi = {10.1023/B:MACH.0000033113.59016.96},
	Issn = {0885-6125},
	Journal = {Mach. Learn.},
	Keywords = {k-means clustering, Singular Value Decomposition, randomized algorithms},
	Month = jun,
	Number = {1-3},
	Numpages = {25},
	Pages = {9--33},
	Publisher = {Kluwer Academic Publishers},
	Title = {Clustering Large Graphs via the Singular Value Decomposition},
	Url = {https://doi.org/10.1023/B:MACH.0000033113.59016.96},
	Volume = {56},
	Year = {2004},
	Bdsk-Url-1 = {https://doi.org/10.1023/B:MACH.0000033113.59016.96}}

@article{DBLP:journals/siammax/DhillonHST05,
	Author = {Inderjit S. Dhillon and Robert W. Heath Jr. and M{\'{a}}ty{\'{a}}s A. Sustik and Joel A. Tropp},
	Bibsource = {dblp computer science bibliography, http://dblp.org},
	Biburl = {http://dblp.org/rec/bib/journals/siammax/DhillonHST05},
	Doi = {10.1137/S0895479803438183},
	Journal = {{SIAM} J. Matrix Analysis Applications},
	Number = {1},
	Pages = {61--71},
	Timestamp = {Thu, 08 Jun 2017 09:04:59 +0200},
	Title = {Generalized Finite Algorithms for Constructing Hermitian Matrices with Prescribed Diagonal and Spectrum},
	Url = {https://doi.org/10.1137/S0895479803438183},
	Volume = {27},
	Year = {2005},
	Bdsk-Url-1 = {https://doi.org/10.1137/S0895479803438183}}

@misc{FMPS11,
	Author = {Fickus, M. and Mixon, D. G. and Poteet, M. J. and Strawn, N.},
	Eprint = {arXiv:1107.2173},
	Title = {Constructing all self-adjoint matrices with prescribed spectrum and diagonal},
	Year = {2011}}

@article{FiMiPo11,
	Author = {Fickus, M. and Mixon, D. G. and Poteet, M. J.},
	Doi = {10.1117/12.891813},
	Eprint = {arXiv:1107.1912},
	Title = {Frame completions for optimally robust reconstruction},
	Year = {2011},
	Bdsk-Url-1 = {https://doi.org/10.1117/12.891813}}

@inproceedings{BoMaDr08,
	Acmid = {1401903},
	Address = {New York, NY, USA},
	Author = {Boutsidis, C. and Mahoney, M. W. and Drineas, P.},
	Booktitle = {Proceedings of the 14th ACM SIGKDD International Conference on Knowledge Discovery and Data Mining},
	Doi = {10.1145/1401890.1401903},
	Isbn = {978-1-60558-193-4},
	Keywords = {PCA, random sampling, subset selection},
	Location = {Las Vegas, Nevada, USA},
	Numpages = {9},
	Pages = {61--69},
	Publisher = {ACM},
	Series = {KDD '08},
	Title = {Unsupervised Feature Selection for Principal Components Analysis},
	Url = {http://doi.acm.org/10.1145/1401890.1401903},
	Year = {2008},
	Bdsk-Url-1 = {http://doi.acm.org/10.1145/1401890.1401903},
	Bdsk-Url-2 = {https://doi.org/10.1145/1401890.1401903}}

@article{Szyld2006,
	Abstract = {Given an oblique projector P on a Hilbert space, i.e., an operator satisfying P                        2=P, which is neither null nor the identity, it holds that ||P|| = ||I --P||. This useful equality, while not widely-known, has been proven repeatedly in the literature. Many published proofs are reviewed, and simpler ones are presented.},
	Author = {Szyld, Daniel B.},
	Day = {01},
	Doi = {10.1007/s11075-006-9046-2},
	Issn = {1572-9265},
	Journal = {Numerical Algorithms},
	Month = {Jul},
	Number = {3},
	Pages = {309--323},
	Title = {The many proofs of an identity on the norm of oblique projections},
	Url = {https://doi.org/10.1007/s11075-006-9046-2},
	Volume = {42},
	Year = {2006},
	Bdsk-Url-1 = {https://doi.org/10.1007/s11075-006-9046-2}}

@article{BeTe03,
	Author = {Beck, A. and Teboulle, M.},
	Journal = {Operations Research Letters},
	Number = {3},
	Pages = {167--175},
	Publisher = {Elsevier},
	Title = {Mirror descent and nonlinear projected subgradient methods for convex optimization},
	Volume = {31},
	Year = {2003}}

@book{Puk93,
	Author = {Pukelsheim, F.},
	Publisher = {siam},
	Title = {Optimal design of experiments},
	Volume = {50},
	Year = {1993}}

@article{NiSiTa18,
	Author = {Nikolov, A. and Singh, M. and Tantipongpipat, U. T.},
	Journal = {arXiv preprint arXiv:1802.08318},
	Title = {Proportional Volume Sampling and Approximation Algorithms for A-Optimal Design},
	Year = {2018}}

@inproceedings{Mag02,
	Author = {Magen, A.},
	Booktitle = {International Workshop on Randomization and Approximation Techniques in Computer Science},
	Organization = {Springer},
	Pages = {239--253},
	Title = {Dimensionality reductions that preserve volumes and distance to affine spaces, and their algorithmic applications},
	Year = {2002}}

@incollection{MaZo08,
	Author = {Magen, A. and Zouzias, A.},
	Booktitle = {Approximation, Randomization and Combinatorial Optimization. Algorithms and Techniques},
	Pages = {523--534},
	Publisher = {Springer},
	Title = {Near optimal dimensionality reductions that preserve volumes},
	Year = {2008},
	Bdsk-File-1 = {YnBsaXN0MDDUAQIDBAUGJCVYJHZlcnNpb25YJG9iamVjdHNZJGFyY2hpdmVyVCR0b3ASAAGGoKgHCBMUFRYaIVUkbnVsbNMJCgsMDxJXTlMua2V5c1pOUy5vYmplY3RzViRjbGFzc6INDoACgAOiEBGABIAFgAdccmVsYXRpdmVQYXRoWWFsaWFzRGF0YV8QJC4uL0JpYmxpb2dyYXBoeS9NYVpvMDhfdm9sZGltcmVkLnBkZtIXCxgZV05TLmRhdGFPEQF8AAAAAAF8AAIAAAxNYWNpbnRvc2ggSEQAAAAAAAAAAAAAAAAAAAAAAAAAQkQAAf////8UTWFabzA4X3ZvbGRpbXJlZC5wZGYAAAAAAAAAAAAAAAAAAAAAAAAAAAAAAAAAAAAAAAAAAAAAAAAAAAAAAAAA/////wAAAAAAAAAAAAAAAAABAAIAAAogY3UAAAAAAAAAAAAAAAAADEJpYmxpb2dyYXBoeQACADovOlVzZXJzOmFiZWxoYWRqOkRlc2t0b3A6QmlibGlvZ3JhcGh5Ok1hWm8wOF92b2xkaW1yZWQucGRmAA4AKgAUAE0AYQBaAG8AMAA4AF8AdgBvAGwAZABpAG0AcgBlAGQALgBwAGQAZgAPABoADABNAGEAYwBpAG4AdABvAHMAaAAgAEgARAASADhVc2Vycy9hYmVsaGFkai9EZXNrdG9wL0JpYmxpb2dyYXBoeS9NYVpvMDhfdm9sZGltcmVkLnBkZgATAAEvAAAVAAIAD///AACABtIbHB0eWiRjbGFzc25hbWVYJGNsYXNzZXNdTlNNdXRhYmxlRGF0YaMdHyBWTlNEYXRhWE5TT2JqZWN00hscIiNcTlNEaWN0aW9uYXJ5oiIgXxAPTlNLZXllZEFyY2hpdmVy0SYnVHJvb3SAAQAIABEAGgAjAC0AMgA3AEAARgBNAFUAYABnAGoAbABuAHEAcwB1AHcAhACOALUAugDCAkICRAJJAlQCXQJrAm8CdgJ/AoQCkQKUAqYCqQKuAAAAAAAAAgEAAAAAAAAAKAAAAAAAAAAAAAAAAAAAArA=}}





@article{DrMaMu07,
  title={Relative-error {CUR} matrix decompositions},
  author={Drineas, P. and Mahoney, M. W. and Muthukrishnan, S.},
  journal={SIAM Journal on Matrix Analysis and Applications},
  volume={30},
  number={2},
  pages={844--881},
  year={2008},
  publisher={SIAM}
}


@inproceedings{DrMaMu06,
  title={Sampling algorithms for l 2 regression and applications},
  author={Drineas, P. and Mahoney, M. W. and Muthukrishnan, S.},
  booktitle={Proceedings of the seventeenth annual ACM-SIAM symposium on Discrete algorithm},
  pages={1127--1136},
  year={2006},
  organization={Society for Industrial and Applied Mathematics}
}


@inproceedings{SpTe04,
  title={Nearly-linear time algorithms for graph partitioning, graph sparsification, and solving linear systems},
  author={Spielman, D. A. and Teng, S.},
  booktitle={Proceedings of the thirty-sixth annual ACM symposium on Theory of computing},
  pages={81--90},
  year={2004}
}


@article{SpSr11,
  title={Graph sparsification by effective resistances},
  author={Spielman, D. A. and Srivastava, N.},
  journal={SIAM Journal on Computing},
  volume={40},
  number={6},
  pages={1913--1926},
  year={2011},
  publisher={SIAM}
}


@article{PuTrGrVa18,
  title={Random sampling of bandlimited signals on graphs},
  author={Puy, G. and Tremblay, N. and Gribonval, R. and Vandergheynst, P.},
  journal={Applied and Computational Harmonic Analysis},
  volume={44},
  number={2},
  pages={446--475},
  year={2018},
  publisher={Elsevier}
}


@article{BaSpSr12,
  title={Twice-ramanujan sparsifiers},
  author={Batson, J. and Spielman, D. A. and Srivastava, N.},
  journal={SIAM Journal on Computing},
  volume={41},
  number={6},
  pages={1704--1721},
  year={2012},
  publisher={SIAM}
}


@article{MiAk77,
  title={A theorem on the difference of the generalized inverses of two nonnegative matrices},
  author={Milliken, G. A. and Akdeniz, F.},
  journal={Communications in Statistics-Theory and Methods},
  volume={6},
  number={1},
  pages={73--79},
  year={1977},
  publisher={Taylor \& Francis}
}



@inproceedings{AlMa15,
  title={Fast randomized kernel ridge regression with statistical guarantees},
  author={Alaoui, A. and Mahoney, M. W.},
  booktitle={Advances in Neural Information Processing Systems},
  pages={775--783},
  year={2015}
}


@incollection{BeBaCh19,
title = {Kernel quadrature with {DPP}s},
author = {Belhadji, A. and Bardenet, R. and Chainais, P.},
booktitle = {Advances in Neural Information Processing Systems 32},
pages = {12907--12917},
year = {2019},
}


@article{BeBaCh18,
  title={A determinantal point process for column subset selection},
  author={Belhadji, A. and Bardenet, R. and Chainais, P.},
  journal={arXiv preprint arXiv:1812.09771},
  year={2018}
}



@inproceedings{Bac13,
  title={Sharp analysis of low-rank kernel matrix approximations},
  author={Bach, F.},
  booktitle={Conference on Learning Theory},
  pages={185--209},
  year={2013}
}


@article{CoMaAm20,
  title={Monte Carlo integration of non-differentiable functions on $[0,1]^{\iota}$, $\iota= 1,\dots, d $, using a single determinantal point pattern defined on $[0,1]^{d}$},
  author={Coeurjolly, J. F. and Mazoyer, A. and Amblard, P. O.},
  journal={arXiv preprint arXiv:2003.10323},
  year={2020}
}




@article{BeBaCh18,
  title={A determinantal point process for column subset selection},
  author={Belhadji, A. and Bardenet, R. and Chainais, P.},
  journal={arXiv preprint arXiv:1812.09771},
  year={2018}
}



@book{GoVa12,
	Author = {Golub, G. H. and Van Loan, C. F.},
	Date-Added = {2016-04-26 15:23:33 +0000},
	Date-Modified = {2016-04-26 15:24:02 +0000},
	Publisher = {JHU Press},
	Title = {Matrix computations},
	Year = {2012}}




@article{BjGo73,
  title={Numerical methods for computing angles between linear subspaces},
  author={Bj{\"o}rck, A. and Golub, G. H.},
  journal={Mathematics of computation},
  volume={27},
  number={123},
  pages={579--594},
  year={1973}
}




@article{MiBe92,
	Author = {Miao, J. and Ben-Israel, A.},
	Issn = {0024-3795},
	Journal = {Linear Algebra and its Applications},
	Pages = {81 - 98},
	Title = {On principal angles between subspaces in $\mathbb{R}^{n}$},
	Volume = {171},
	Year = {1992},
